%% This BibTeX bibliography file was created using BibDesk.
%% https://bibdesk.sourceforge.io/

%% Created for Elizabeth M Wolkovich at 2023-05-25 14:03:09 +0200 


%% Saved with string encoding Unicode (UTF-8) 



@article{chuine2016,
	author = {Chuine, I. and Bonhomme, M. and Legave, J. M. and de Cortazar-Atauri, I. G. and Charrier, G. and Lacointe, A. and Ameglio, T.},
	date-added = {2023-05-25 14:03:06 +0200},
	date-modified = {2023-05-25 14:03:06 +0200},
	journal = {Global Change Biology},
	number = {10},
	pages = {3444-3460},
	title = {Can phenological models predict tree phenology accurately in the future? The unrevealed hurdle of endodormancy break},
	volume = {22},
	year = {2016}}

@article{chang2021,
	author = {Chang, C. Y. Y. and Brautigam, K. and Huner, N. P. A. and Ensminger, I.},
	date-added = {2023-05-25 14:02:27 +0200},
	date-modified = {2023-05-25 14:02:27 +0200},
	journal = {New Phytologist},
	number = {2},
	pages = {675-691},
	title = {Champions of winter survival: cold acclimation and molecular regulation of cold hardiness in evergreen conifers},
	volume = {229},
	year = {2021}}

@article{zohner2017,
	author = {Zohner, C. M. and Benito, B. M. and Fridley, J. D. and Svenning, J. C. and Renner, S. S.},
	date-added = {2023-05-25 13:58:35 +0200},
	date-modified = {2023-05-25 13:58:35 +0200},
	journal = {Ecology Letters},
	number = {4},
	pages = {452-460},
	title = {Spring predictability explains different leaf-out strategies in the woody floras of North America, Europe and East Asia},
	volume = {20},
	year = {2017}}

@article{ospreebbms,
	author = {Ettinger, A. K. and Chamberlain, C. J. and Morales-Castilla, I. and Buonaiuto, D. M. and Flynn, D. F. B. and Savas, T. and Samaha, J. A. and Wolkovich, E. M.},
	date-added = {2023-05-25 13:57:49 +0200},
	date-modified = {2023-05-25 13:57:49 +0200},
	journal = {Nature Climate Change},
	number = {12},
	pages = {1137-U119},
	title = {Winter temperatures predominate in spring phenological responses to warming},
	volume = {10},
	year = {2020}}

@article{ospreephoto,
	author = {Ettinger, A. K. and Buonaiuto, D. M. and Chamberlain, C. J. and Morales-Castilla, I. and Wolkovich, E. M.},
	date-added = {2023-05-25 13:57:49 +0200},
	date-modified = {2023-05-25 13:57:49 +0200},
	journal = {New Phytologist},
	number = {2},
	pages = {462-474},
	title = {Spatial and temporal shifts in photoperiod with climate change},
	volume = {230},
	year = {2021}}

@article{singh2017,
	author = {Singh, R. K. and Svystun, T. and AlDahmash, B. and Jonsson, A. M. and Bhalerao, R. P.},
	date-added = {2023-05-25 13:57:15 +0200},
	date-modified = {2023-05-25 13:57:15 +0200},
	journal = {New Phytologist},
	number = {2},
	pages = {511-524},
	title = {Photoperiod- and temperature-mediated control of phenology in trees - a molecular perspective},
	volume = {213},
	year = {2017}}

@article{gauzere2020,
	author = {Gauzere, J. and Teuf, B. and Davi, H. and Chevin, L. M. and Caignard, T. and Leys, B. and Delzon, S. and Ronce, O. and Chuine, I.},
	date-added = {2023-05-25 13:55:39 +0200},
	date-modified = {2023-05-25 13:55:39 +0200},
	journal = {Evolution Letters},
	number = {2},
	pages = {109-123},
	title = {Where is the optimum? Predicting the variation of selection along climatic gradients and the adaptive value of plasticity. A case study on tree phenology},
	volume = {4},
	year = {2020}}

@inbook{savolainenAREES,
	author = {Savolainen, O. and Pyhajarvi, T. and Knurr, T.},
	date-added = {2023-05-25 13:53:15 +0200},
	date-modified = {2023-05-25 13:53:15 +0200},
	pages = {595-619},
	series = {Annual Review of Ecology Evolution and Systematics},
	title = {Gene flow and local adaptation in trees},
	volume = {38},
	year = {2007}}

@article{chuinearees,
	author = {Chuine, I. and Regniere, J.},
	date-added = {2023-05-25 13:53:11 +0200},
	date-modified = {2023-05-25 13:53:11 +0200},
	journal = {Annual Review of Ecology, Evolution, and Systematics},
	pages = {159-182},
	title = {Process-Based Models of Phenology for Plants and Animals},
	volume = {48},
	year = {2017}}

@article{bonamour2019,
	author = {Bonamour, S. and Chevin, L. M. and Charmantier, A. and Teplitsky, C.},
	date-added = {2023-05-25 13:53:05 +0200},
	date-modified = {2023-05-25 13:53:05 +0200},
	journal = {Philosophical Transactions of the Royal Society B-Biological Sciences},
	number = {1768},
	title = {Phenotypic plasticity in response to climate change: the importance of cue variation},
	volume = {374},
	year = {2019}}



@article{Wolkovich:2012n,
	author = {Wolkovich, E. M. and Cook, B. I. and Allen, J. M. and Crimmins, T. M. and Betancourt, J. L. and Travers, S. E. and Pau, S. and Regetz, J. and Davies, T. J. and Kraft, N. J. B. and Ault, T. R. and Bolmgren, K. and Mazer, S. J. and McCabe, G. J. and McGill, B. J. and Parmesan, C. and Salamin, N. and Schwartz, M. D. and Cleland, E. E.},
	date-added = {2023-05-25 13:51:01 +0200},
	date-modified = {2023-05-25 13:51:01 +0200},
	journal = {Nature},
	number = {7399},
	pages = {494-497},
	title = {Warming experiments underpredict plant phenological responses to climate change},
	volume = {485},
	year = {2012}}

@article{kharouba2018,
	author = {Kharouba, Heather M. and Ehrlen, Johan and Gelman, Andrew and Bolmgren, Kjell and Allen, Jenica M. and Travers, Steve E. and Wolkovich, Elizabeth M.},
	date-added = {2023-05-25 13:50:31 +0200},
	date-modified = {2023-05-25 13:50:31 +0200},
	journal = {Proceedings of the National Academy of Sciences of the United States of America},
	number = {20},
	pages = {5211-5216},
	title = {Global shifts in the phenological synchrony of species interactions over recent decades},
	volume = {115},
	year = {2018}}
